<?xml version="1.0" encoding="UTF-8"?><collection xmlns="http://www.loc.gov/MARC21/slim"><record><leader>00392nam--2200109-i-4500</leader><controlfield tag="001">000022175</controlfield><controlfield tag="002">20161230</controlfield><controlfield tag="005">20161230201034</controlfield><controlfield tag="008">060222s1000------------r-----000-0-eng-d</controlfield><datafield ind1=" " ind2=" " tag="245"><subfield code="a">3rd inter-american symposium on the peaceful applications of nuclear energy. rio de janeiro, 1960. industrial applications of nuclear energy</subfield></datafield><datafield ind1=" " ind2=" " tag="260"><subfield code="a">Washington, Pan American Union, 1961, Xi + 369p</subfield></datafield><datafield ind1=" " ind2=" " tag="852"><subfield code="a">17962</subfield></datafield></record></collection>